<record><leader>00000cas a2200000 a 4500</leader><controlfield tag="001">11459424</controlfield><controlfield tag="008">841206d18731877ctuwr ne      0    0eng c</controlfield><datafield ind1=" " ind2=" " tag="010"><subfield code="a">sn 84027707 </subfield><subfield code="z">sn 84022700 </subfield></datafield><datafield ind1=" " ind2=" " tag="040"><subfield code="a">NPU</subfield><subfield code="b">eng</subfield><subfield code="c">NPU</subfield><subfield code="d">NPY</subfield><subfield code="d">MFN</subfield><subfield code="d">CNW</subfield><subfield code="d">OCL</subfield><subfield code="d">CNW</subfield><subfield code="d">OCLCQ</subfield><subfield code="d">CUI</subfield><subfield code="d">OCLCQ</subfield><subfield code="d">OCLCA</subfield><subfield code="d">OCLCF</subfield></datafield><datafield ind1=" " ind2=" " tag="019"><subfield code="a">10530145</subfield></datafield><datafield ind1="1" ind2=" " tag="029"><subfield code="a">AU@</subfield><subfield code="b">000020435276</subfield></datafield><datafield ind1=" " ind2=" " tag="042"><subfield code="a">pcc</subfield></datafield><datafield ind1=" " ind2=" " tag="043"><subfield code="a">n-us-ct</subfield></datafield><datafield ind1=" " ind2="4" tag="050"><subfield code="a">AN</subfield></datafield><datafield ind1="0" ind2="4" tag="245"><subfield code="a">The Middletown sentinel and witness.</subfield></datafield><datafield ind1="3" ind2="0" tag="246"><subfield code="a">Centennial sentinel</subfield></datafield><datafield ind1="1" ind2="7" tag="246"><subfield code="a">Sentinel and witness</subfield></datafield><datafield ind1=" " ind2=" " tag="260"><subfield code="a">Middletown, Conn. :</subfield><subfield code="b">Sam'l J. Starr</subfield></datafield><datafield ind1=" " ind2=" " tag="300"><subfield code="a">v.</subfield></datafield><datafield ind1=" " ind2=" " tag="310"><subfield code="a">Weekly</subfield></datafield><datafield ind1="0" ind2=" " tag="362"><subfield code="a">Vol. 51, no. 2593 (Jan. 10, 1873)-v. 55, no. 2842 (Oct. 19, 1877).</subfield></datafield><datafield ind1=" " ind2=" " tag="500"><subfield code="a">Published as: Centennial sentinel, July 4, 1876.</subfield></datafield><datafield ind1=" " ind2=" " tag="580"><subfield code="a">Daily ed.: Middletown daily sentinel, Jan.-June 10, 1876.</subfield></datafield><datafield ind1=" " ind2="0" tag="651"><subfield code="a">Middletown (Conn.)</subfield><subfield code="v">Newspapers.</subfield></datafield><datafield ind1=" " ind2="0" tag="651"><subfield code="a">Middlesex County (Conn.)</subfield><subfield code="v">Newspapers.</subfield></datafield><datafield ind1=" " ind2="7" tag="655"><subfield code="a">Newspapers.</subfield><subfield code="2">fast</subfield><subfield code="0">(OCoLC)fst01423814</subfield></datafield><datafield ind1=" " ind2="7" tag="651"><subfield code="a">Connecticut</subfield><subfield code="z">Middlesex County.</subfield><subfield code="2">fast</subfield><subfield code="0">(OCoLC)fst01209862</subfield></datafield><datafield ind1=" " ind2="7" tag="651"><subfield code="a">Connecticut</subfield><subfield code="z">Middletown.</subfield><subfield code="2">fast</subfield><subfield code="0">(OCoLC)fst01208112</subfield></datafield><datafield ind1=" " ind2=" " tag="752"><subfield code="a">United States</subfield><subfield code="b">Connecticut</subfield><subfield code="c">Middlesex</subfield><subfield code="d">Middletown.</subfield></datafield><datafield ind1="1" ind2=" " tag="775"><subfield code="t">Middletown daily sentinel</subfield><subfield code="w">(DLC)sn 84022701</subfield><subfield code="w">(OCoLC)10534626</subfield></datafield><datafield ind1="0" ind2="0" tag="780"><subfield code="t">Sentinel and witness (Middletown, Conn. : 1868)</subfield><subfield code="w">(DLC)sn 93053825</subfield><subfield code="w">(OCoLC)27704273</subfield></datafield><datafield ind1="0" ind2="0" tag="785"><subfield code="t">Sentinel and witness (Middletown, Conn. : 1877)</subfield><subfield code="w">(DLC)sn 85038317</subfield><subfield code="w">(OCoLC)12372107</subfield></datafield></record>